% Encoding: UTF-8

@Comment{jabref-meta: databaseType:bibtex;}

@Book{B071JXYDDB,
  title = {Linear Regression And Correlation: A Beginner's Guide},
  year = {2017},
  author = {Scott Hartshorn},
  edition = {Kindle Edition}
}

@inproceedings{bhagoji2018enhancing,
  title={Enhancing robustness of machine learning systems via data
                  transformations},
  author={Bhagoji, Arjun Nitin and Cullina, Daniel and Sitawarin, Chawin and
                  Mittal, Prateek},
  booktitle={Information Sciences and Systems (CISS), 2018 52nd Annual
                  Conference on},
  pages={1--15},
  year={2018},
  organization={IEEE}
}

@article{goodfellow6572explaining,
  title={Explaining and harnessing adversarial examples (2014)},
  author={Goodfellow, Ian J and Shlens, Jonathon and Szegedy, Christian},
  journal={arXiv preprint arXiv:1412.6572}
}

@inproceedings{45530,
title	= {Deep Neural Networks for YouTube Recommendations},
author	= {Paul Covington and Jay Adams and Emre Sargin},
year	= {2016},
booktitle	= {Proceedings of the 10th ACM Conference on Recommender Systems},
address	= {New York, NY, USA}
}

@book{Goodfellow-et-al-2016,
    title={Deep Learning},
    author={Ian Goodfellow and Yoshua Bengio and Aaron Courville},
    publisher={MIT Press},
    year={2016}
}

@book{taxicab-geometry,
    title={Taxicab Geometry: An Adventure in Non-Euclidean Geometry},
    author={Eugene F. Krause},
    publisher={Dover Publications},
    year={2012}
}

@article{papernot2016cleverhans,
  title={cleverhans v2. 0.0: an adversarial machine learning library},
  author={Papernot, Nicolas and Carlini, Nicholas and Goodfellow, Ian and Feinman, Reuben and Faghri, Fartash and Matyasko, Alexander and Hambardzumyan, Karen and Juang, Yi-Lin and Kurakin, Alexey and Sheatsley, Ryan and others},
  journal={arXiv preprint arXiv:1610.00768},
  year={2016}
}

@article{DBLP:journals/corr/KurakinGB16,
  author    = {Alexey Kurakin and
               Ian J. Goodfellow and
               Samy Bengio},
  title     = {Adversarial examples in the physical world},
  journal   = {CoRR},
  volume    = {abs/1607.02533},
  year      = {2016},
  url       = {http://arxiv.org/abs/1607.02533},
  archivePrefix = {arXiv},
  eprint    = {1607.02533},
  timestamp = {Mon, 13 Aug 2018 16:48:46 +0200},
  biburl    = {https://dblp.org/rec/bib/journals/corr/KurakinGB16},
  bibsource = {dblp computer science bibliography, https://dblp.org}
}

@inproceedings{carlini2017adversarial,
  title={Adversarial examples are not easily detected: Bypassing ten detection methods},
  author={Carlini, Nicholas and Wagner, David},
  booktitle={Proceedings of the 10th ACM Workshop on Artificial Intelligence and Security},
  pages={3--14},
  year={2017},
  organization={ACM}
}

@inproceedings{meng2017magnet,
  title={Magnet: a two-pronged defense against adversarial examples},
  author={Meng, Dongyu and Chen, Hao},
  booktitle={Proceedings of the 2017 ACM SIGSAC Conference on Computer and Communications Security},
  pages={135--147},
  year={2017},
  organization={ACM}
}

@article{yuan2017adversarial,
  title={Adversarial examples: Attacks and defenses for deep learning},
  author={Yuan, Xiaoyong and He, Pan and Zhu, Qile and Bhat, Rajendra Rana and Li, Xiaolin},
  journal={arXiv preprint arXiv:1712.07107},
  year={2017}
}

@article{xu2017feature,
  title={Feature squeezing: Detecting adversarial examples in deep neural networks},
  author={Xu, Weilin and Evans, David and Qi, Yanjun},
  journal={arXiv preprint arXiv:1704.01155},
  year={2017}
}

@inproceedings{liao2018defense,
  title={Defense against adversarial attacks using high-level representation guided denoiser},
  author={Liao, Fangzhou and Liang, Ming and Dong, Yinpeng and Pang, Tianyu and Zhu, Jun and Hu, Xiaolin},
  booktitle={Proceedings of the IEEE Conference on Computer Vision and Pattern Recognition},
  pages={1778--1787},
  year={2018}
}

@article{DBLP:journals/corr/PapernotMSW16,
  author    = {Nicolas Papernot and
               Patrick D. McDaniel and
               Arunesh Sinha and
               Michael P. Wellman},
  title     = {Towards the Science of Security and Privacy in Machine Learning},
  journal   = {CoRR},
  volume    = {abs/1611.03814},
  year      = {2016},
  url       = {http://arxiv.org/abs/1611.03814},
  archivePrefix = {arXiv},
  eprint    = {1611.03814},
  timestamp = {Mon, 13 Aug 2018 16:48:46 +0200},
  biburl    = {https://dblp.org/rec/bib/journals/corr/PapernotMSW16},
  bibsource = {dblp computer science bibliography, https://dblp.org}
}
